@article{bertsimas2017optimal,
  title={Optimal classification trees},
  author={Bertsimas, Dimitris and Dunn, Jack},
  journal={Machine Learning},
  volume={106},
  number={7},
  pages={1039--1082},
  year={2017},
  publisher={Springer}
}